@article{Vendruscolo2011,
  doi = {10.1016/j.cub.2010.11.062},
  url = {https://doi.org/10.1016%2Fj.cub.2010.11.062},
  year  = {2011},
  month = {jan},
  publisher = {Elsevier {BV}},
  volume = {21},
  number = {2},
  pages = {R68--R70},
  author = {Michele Vendruscolo and Christopher M. Dobson},
  title = {Protein Dynamics: Moore{\textquotesingle}s Law in Molecular Biology},
  journal = {Current Biology}
}