@article{Vendruscolo2011,
  doi = {10.1016/j.cub.2010.11.062},
  url = {https://doi.org/10.1016%2Fj.cub.2010.11.062},
  year  = {2011},
  month = {jan},
  publisher = {Elsevier {BV}},
  volume = {21},
  number = {2},
  pages = {R68--R70},
  author = {Michele Vendruscolo and Christopher M. Dobson},
  title = {Protein Dynamics: Moore{\textquotesingle}s Law in Molecular Biology},
  journal = {Current Biology}
}

@article{Kmiecik2016,
	doi = {10.1021/acs.chemrev.6b00163},
	url = {https://doi.org/10.1021%2Facs.chemrev.6b00163},
	year  = {2016},
	month = {jul},
	publisher = {American Chemical Society ({ACS})},
	volume = {116},
	number = {14},
	pages = {7898--7936},
	author = {Sebastian Kmiecik and Dominik Gront and Michal Kolinski and Lukasz Wieteska and Aleksandra Elzbieta Dawid and Andrzej Kolinski},
	title = {Coarse-Grained Protein Models and Their Applications},
	journal = {Chemical Reviews}
}

@article{Levitt1975,
	doi = {10.1038/253694a0},
	url = {https://doi.org/10.1038%2F253694a0},
	year  = {1975},
	month = {feb},
	publisher = {Springer Nature},
	volume = {253},
	number = {5494},
	pages = {694--698},
	author = {Michael Levitt and Arieh Warshel},
	title = {Computer simulation of protein folding},
	journal = {Nature}
}

@article{Wilson1989,
	doi = {10.1002/prot.340060208},
	url = {https://doi.org/10.1002%2Fprot.340060208},
	year  = {1989},
	publisher = {Wiley-Blackwell},
	volume = {6},
	number = {2},
	pages = {193--209},
	author = {Charles Wilson and Sebastian Doniach},
	title = {A computer model to dynamically simulate protein folding: Studies with crambin},
	journal = {Proteins: Structure,  Function,  and Genetics}
}

@article{Kolinski1998,
	doi = {10.1021/jp973371j},
	url = {https://doi.org/10.1021%2Fjp973371j},
	year  = {1998},
	month = {jun},
	publisher = {American Chemical Society ({ACS})},
	volume = {102},
	number = {23},
	pages = {4628--4637},
	author = {Andrzej Kolinski and Lukasz Jaroszewski and Piotr Rotkiewicz and Jeffrey Skolnick},
	title = {An Efficient Monte Carlo Model of Protein Chains. Modeling the Short-Range Correlations between Side Group Centers of Mass},
	journal = {The Journal of Physical Chemistry B}
}

@article{Liwo2014,
	doi = {10.1007/s00894-014-2306-5},
	url = {https://doi.org/10.1007%2Fs00894-014-2306-5},
	year  = {2014},
	month = {jul},
	publisher = {Springer Nature},
	volume = {20},
	number = {8},
	author = {Adam Liwo and Maciej Baranowski and Cezary Czaplewski and Ewa Go{\l}a{\'{s}} and Yi He and Dawid Jagie{\l}a and Pawe{\l} Krupa and Maciej Maciejczyk and Mariusz Makowski and Magdalena A. Mozolewska and Andrei Niadzvedtski and Stanis{\l}aw O{\l}dziej and Harold A. Scheraga and Adam K. Sieradzan and Rafa{\l} {\'{S}}lusarz and Tomasz Wirecki and Yanping Yin and Bart{\l}omiej Zaborowski},
	title = {A unified coarse-grained model of biological macromolecules based on mean-field multipole{\textendash}multipole interactions},
	journal = {Journal of Molecular Modeling}
}

@article{Kurcinski2015,
	doi = {10.1093/nar/gkv456},
	url = {https://doi.org/10.1093%2Fnar%2Fgkv456},
	year  = {2015},
	month = {may},
	publisher = {Oxford University Press ({OUP})},
	volume = {43},
	number = {W1},
	pages = {W419--W424},
	author = {Mateusz Kurcinski and Michal Jamroz and Maciej Blaszczyk and Andrzej Kolinski and Sebastian Kmiecik},
	title = {{CABS}-dock web server for the flexible docking of peptides to proteins without prior knowledge of the binding site},
	journal = {Nucleic Acids Research}
}

@Book{johnson2004numerical,
	author = {Johnson, Michael},
	title = {Numerical computer methods},
	publisher = {Elsevier Academic Press},
	year = {2004},
	address = {Amsterdam Boston},
	isbn = {9780080497211}
}

@article{Marrink2007,
	doi = {10.1021/jp071097f},
	url = {https://doi.org/10.1021%2Fjp071097f},
	year  = {2007},
	month = {jul},
	publisher = {American Chemical Society ({ACS})},
	volume = {111},
	number = {27},
	pages = {7812--7824},
	author = {Siewert J. Marrink and H. Jelger Risselada and Serge Yefimov and D. Peter Tieleman and Alex H. de Vries},
	title = {The {MARTINI} Force Field:~ Coarse Grained Model for Biomolecular Simulations},
	journal = {The Journal of Physical Chemistry B}
}

@article{Marrink2013,
	doi = {10.1039/c3cs60093a},
	url = {https://doi.org/10.1039%2Fc3cs60093a},
	year  = {2013},
	publisher = {Royal Society of Chemistry ({RSC})},
	volume = {42},
	number = {16},
	pages = {6801},
	author = {Siewert J. Marrink and D. Peter Tieleman},
	title = {Perspective on the Martini model},
	journal = {Chemical Society Reviews}
}

@article{Uusitalo2015,
	doi = {10.1021/acs.jctc.5b00286},
	url = {https://doi.org/10.1021%2Facs.jctc.5b00286},
	year  = {2015},
	month = {aug},
	publisher = {American Chemical Society ({ACS})},
	volume = {11},
	number = {8},
	pages = {3932--3945},
	author = {Jaakko J. Uusitalo and Helgi I. Ing{\'{o}}lfsson and Parisa Akhshi and D. Peter Tieleman and Siewert J. Marrink},
	title = {Martini Coarse-Grained Force Field: Extension to {DNA}},
	journal = {Journal of Chemical Theory and Computation}
}

@article{Berman2000,
	doi = {10.1093/nar/28.1.235},
	url = {https://doi.org/10.1093%2Fnar%2F28.1.235},
	year  = {2000},
	month = {jan},
	publisher = {Oxford University Press ({OUP})},
	volume = {28},
	number = {1},
	pages = {235--242},
	author = {H. M. Berman},
	title = {The Protein Data Bank},
	journal = {Nucleic Acids Research}
}
@article{Janin2002,
	doi = {10.1002/prot.10111},
	url = {https://doi.org/10.1002%2Fprot.10111},
	year  = {2002},
	month = {apr},
	publisher = {Wiley-Blackwell},
	volume = {47},
	number = {3},
	pages = {257--257},
	author = {Joel Janin},
	title = {Welcome to {CAPRI}: A Critical Assessment of {PRedicted} Interactions},
	journal = {Proteins: Structure,  Function,  and Genetics}
}

@misc{HaddockCapri,
	title= {Performance Of Haddock In Casp Capri},
	year = {2015},
	howpublished = {\url{http://www.bonvinlab.org/news/Top-Performance-of-HADDOCK-in-CASP-CAPRI/}},
	urldate = {2017-01-02}
}

@incollection{Linge2001,
	doi = {10.1016/s0076-6879(01)39310-2},
	url = {https://doi.org/10.1016%2Fs0076-6879%2801%2939310-2},
	year  = {2001},
	publisher = {Elsevier {BV}},
	pages = {71--90},
	author = {J.P. Linge and S.I. O{\textquotesingle}Donoghue and Michael Nilges},
	title = {Automated Assignment of Ambiguous Nuclear Overhauser Effects with {ARIA}},
	booktitle = {Methods in Enzymology}
}

@incollection{Brunger2013,
	doi = {10.1007/978-3-642-16712-6_318},
	url = {https://doi.org/10.1007%2F978-3-642-16712-6_318},
	year  = {2013},
	publisher = {Springer Nature},
	pages = {326--327},
	author = {Axel T. Brunger},
	title = {{CNS} (Crystallography and {NMR} System)},
	booktitle = {Encyclopedia of Biophysics}
}

@article{Jorgensen1988,
	doi = {10.1021/ja00214a001},
	url = {https://doi.org/10.1021%2Fja00214a001},
	year  = {1988},
	month = {mar},
	publisher = {American Chemical Society ({ACS})},
	volume = {110},
	number = {6},
	pages = {1657--1666},
	author = {William L. Jorgensen and Julian Tirado-Rives},
	title = {The {OPLS} [optimized potentials for liquid simulations] potential functions for proteins,  energy minimizations for crystals of cyclic peptides and crambin},
	journal = {Journal of the American Chemical Society}
}

@article{Mark2001,
	doi = {10.1021/jp003020w},
	url = {https://doi.org/10.1021%2Fjp003020w},
	year  = {2001},
	month = {nov},
	publisher = {American Chemical Society ({ACS})},
	volume = {105},
	number = {43},
	pages = {9954--9960},
	author = {Pekka Mark and Lennart Nilsson},
	title = {Structure and Dynamics of the {TIP}3P,  {SPC},  and {SPC}/E Water Models at 298 K},
	journal = {The Journal of Physical Chemistry A}
}

@article{Liwo1997,
	doi = {10.1002/(sici)1096-987x(199705)18:7<849::aid-jcc1>3.0.co;2-r},
	url = {https://doi.org/10.1002%2F%28sici%291096-987x%28199705%2918%3A7%3C849%3A%3Aaid-jcc1%3E3.0.co%3B2-r},
	year  = {1997},
	month = {may},
	publisher = {Wiley-Blackwell},
	volume = {18},
	number = {7},
	pages = {849--873},
	author = {A. Liwo and S. O?dziej and M. R. Pincus and R. J. Wawak and S. Rackovsky and H. A. Scheraga},
	title = {A united-residue force field for off-lattice protein-structure simulations. I. Functional forms and parameters of long-range side-chain interaction potentials from protein crystal data},
	journal = {Journal of Computational Chemistry}
}

@article{Louhivuori2010,
	doi = {10.1073/pnas.1001316107},
	url = {https://doi.org/10.1073%2Fpnas.1001316107},
	year  = {2010},
	month = {nov},
	publisher = {Proceedings of the National Academy of Sciences},
	volume = {107},
	number = {46},
	pages = {19856--19860},
	author = {M. Louhivuori and H. J. Risselada and E. van der Giessen and S. J. Marrink},
	title = {Release of content through mechano-sensitive gates in pressurized liposomes},
	journal = {Proceedings of the National Academy of Sciences}
}

@article{Periole2007,
	doi = {10.1021/ja0706246},
	url = {https://doi.org/10.1021%2Fja0706246},
	year  = {2007},
	month = {aug},
	publisher = {American Chemical Society ({ACS})},
	volume = {129},
	number = {33},
	pages = {10126--10132},
	author = {Xavier Periole and Thomas Huber and Siewert-Jan Marrink and Thomas P. Sakmar},
	title = {G Protein-Coupled Receptors Self-Assemble in Dynamics Simulations of Model Bilayers},
	journal = {Journal of the American Chemical Society}
}

@article{Sambriski2009,
	doi = {10.1073/pnas.0904721106},
	url = {https://doi.org/10.1073%2Fpnas.0904721106},
	year  = {2009},
	month = {oct},
	publisher = {Proceedings of the National Academy of Sciences},
	volume = {106},
	number = {43},
	pages = {18125--18130},
	author = {E. J. Sambriski and D. C. Schwartz and J. J. de Pablo},
	title = {Uncovering pathways in {DNA} oligonucleotide hybridization via transition state analysis},
	journal = {Proceedings of the National Academy of Sciences}
}

@article{Hoffmann2015,
	doi = {10.1038/nature16143},
	url = {https://doi.org/10.1038%2Fnature16143},
	year  = {2015},
	month = {nov},
	publisher = {Springer Nature},
	volume = {528},
	number = {7581},
	pages = {231--236},
	author = {Niklas A. Hoffmann and Arjen J. Jakobi and Mar{\'{\i}}a Moreno-Morcillo and Sebastian Glatt and Jan Kosinski and Wim J. H. Hagen and Carsten Sachse and Christoph W. M\"{u}ller},
	title = {Molecular structures of unbound and transcribing {RNA} polymerase {III}},
	journal = {Nature}
}

@article{Silva2015,
	doi = {10.1016/j.tips.2015.02.010},
	url = {https://doi.org/10.1016%2Fj.tips.2015.02.010},
	year  = {2015},
	month = {may},
	publisher = {Elsevier {BV}},
	volume = {36},
	number = {5},
	pages = {263--269},
	author = {Isabel Torres Gomes da Silva and Paulo Sergio Lopes de Oliveira and Guilherme Martins Santos},
	title = {Featuring the nucleosome surface as a therapeutic target},
	journal = {Trends in Pharmacological Sciences}
}

@article{Luscombe2000,
	doi = {10.1186/gb-2000-1-1-reviews001},
	url = {https://doi.org/10.1186%2Fgb-2000-1-1-reviews001},
	year  = {2000},
	publisher = {Springer Nature},
	volume = {1},
	number = {1},
	pages = {reviews001.1},
	author = {Nicholas M Luscombe and Susan E Austin and Helen M Berman and Janet M Thornton},
	journal = {Genome Biology}
}

@article{vanDijk2008,
	doi = {10.1093/nar/gkn386},
	url = {https://doi.org/10.1093%2Fnar%2Fgkn386},
	year  = {2008},
	month = {jun},
	publisher = {Oxford University Press ({OUP})},
	volume = {36},
	number = {14},
	pages = {e88--e88},
	author = {M. van Dijk and A. M. J. J. Bonvin},
	title = {A protein-{DNA} docking benchmark},
	journal = {Nucleic Acids Research}
}

@article{Dominguez2003,
	doi = {10.1021/ja026939x},
	url = {https://doi.org/10.1021%2Fja026939x},
	year  = {2003},
	month = {feb},
	publisher = {American Chemical Society ({ACS})},
	volume = {125},
	number = {7},
	pages = {1731--1737},
	author = {Cyril Dominguez and Rolf Boelens and Alexandre M. J. J. Bonvin},
	title = {{HADDOCK}:~ A Protein-Protein Docking Approach Based on Biochemical or Biophysical Information},
	journal = {Journal of the American Chemical Society}
}

@article{Privalov2007,
	doi = {10.1016/j.jmb.2006.09.059},
	url = {https://doi.org/10.1016%2Fj.jmb.2006.09.059},
	year  = {2007},
	month = {jan},
	publisher = {Elsevier {BV}},
	volume = {365},
	number = {1},
	pages = {1--9},
	author = {Peter L. Privalov and Anatoly I. Dragan and Colyn Crane-Robinson and Kenneth J. Breslauer and David P. Remeta and Concei{\c{c}}{\~{a}}o A.S.A. Minetti},
	title = {What Drives Proteins into the Major or Minor Grooves of {DNA}?},
	journal = {Journal of Molecular Biology}
}

@article{Inglfsson2013,
	doi = {10.1002/wcms.1169},
	url = {https://doi.org/10.1002%2Fwcms.1169},
	year  = {2013},
	month = {aug},
	publisher = {Wiley-Blackwell},
	volume = {4},
	number = {3},
	pages = {225--248},
	author = {Helgi I. Ing{\'{o}}lfsson and Cesar A. Lopez and Jaakko J. Uusitalo and Djurre H. de Jong and Srinivasa M. Gopal and Xavier Periole and Siewert J. Marrink},
	title = {The power of coarse graining in biomolecular simulations},
	journal = {Wiley Interdisciplinary Reviews: Computational Molecular Science}
}

@article{Levitt1976,
	doi = {10.1016/0022-2836(76)90004-8},
	url = {https://doi.org/10.1016%2F0022-2836%2876%2990004-8},
	year  = {1976},
	month = {jun},
	publisher = {Elsevier {BV}},
	volume = {104},
	number = {1},
	pages = {59--107},
	author = {Michael Levitt},
	title = {A simplified representation of protein conformations for rapid simulation of protein folding},
	journal = {Journal of Molecular Biology}
}